@book{stephenson2007essential,
  title={Essential RenderMan{\textregistered}},
  author={Stephenson, Ian},
  year={2007},
  publisher={Springer Science \& Business Media}
}
@inproceedings{burley2012physically,
  title={Physically-based shading at disney},
  author={Burley, Brent and Studios, Walt Disney Animation},
  booktitle={ACM SIGGRAPH},
  pages={1--7},
  year={2012}
}
